%YAML 1.1
%TAG !u! tag:unity3d.com,2011:
--- !u!29 &1
OcclusionCullingSettings:
  m_ObjectHideFlags: 0
  serializedVersion: 2
  m_OcclusionBakeSettings:
    smallestOccluder: 5
    smallestHole: 0.25
    backfaceThreshold: 100
  m_SceneGUID: 00000000000000000000000000000000
  m_OcclusionCullingData: {fileID: 0}
--- !u!104 &2
RenderSettings:
  m_ObjectHideFlags: 0
  serializedVersion: 9
  m_Fog: 0
  m_FogColor: {r: 0.5, g: 0.5, b: 0.5, a: 1}
  m_FogMode: 3
  m_FogDensity: 0.01
  m_LinearFogStart: 0
  m_LinearFogEnd: 300
  m_AmbientSkyColor: {r: 0.212, g: 0.227, b: 0.259, a: 1}
  m_AmbientEquatorColor: {r: 0.114, g: 0.125, b: 0.133, a: 1}
  m_AmbientGroundColor: {r: 0.047, g: 0.043, b: 0.035, a: 1}
  m_AmbientIntensity: 1
  m_AmbientMode: 0
  m_SubtractiveShadowColor: {r: 0.42, g: 0.478, b: 0.627, a: 1}
  m_SkyboxMaterial: {fileID: 10304, guid: 0000000000000000f000000000000000, type: 0}
  m_HaloStrength: 0.5
  m_FlareStrength: 1
  m_FlareFadeSpeed: 3
  m_HaloTexture: {fileID: 0}
  m_SpotCookie: {fileID: 10001, guid: 0000000000000000e000000000000000, type: 0}
  m_DefaultReflectionMode: 0
  m_DefaultReflectionResolution: 128
  m_ReflectionBounces: 1
  m_ReflectionIntensity: 1
  m_CustomReflection: {fileID: 0}
  m_Sun: {fileID: 0}
  m_IndirectSpecularColor: {r: 0.44657898, g: 0.4964133, b: 0.5748178, a: 1}
  m_UseRadianceAmbientProbe: 0
--- !u!157 &3
LightmapSettings:
  m_ObjectHideFlags: 0
  serializedVersion: 11
  m_GIWorkflowMode: 0
  m_GISettings:
    serializedVersion: 2
    m_BounceScale: 1
    m_IndirectOutputScale: 1
    m_AlbedoBoost: 1
    m_TemporalCoherenceThreshold: 1
    m_EnvironmentLightingMode: 0
    m_EnableBakedLightmaps: 1
    m_EnableRealtimeLightmaps: 1
  m_LightmapEditorSettings:
    serializedVersion: 10
    m_Resolution: 2
    m_BakeResolution: 40
    m_AtlasSize: 1024
    m_AO: 0
    m_AOMaxDistance: 1
    m_CompAOExponent: 1
    m_CompAOExponentDirect: 0
    m_Padding: 2
    m_LightmapParameters: {fileID: 0}
    m_LightmapsBakeMode: 1
    m_TextureCompression: 1
    m_FinalGather: 0
    m_FinalGatherFiltering: 1
    m_FinalGatherRayCount: 256
    m_ReflectionCompression: 2
    m_MixedBakeMode: 2
    m_BakeBackend: 1
    m_PVRSampling: 1
    m_PVRDirectSampleCount: 32
    m_PVRSampleCount: 500
    m_PVRBounces: 2
    m_PVRFilterTypeDirect: 0
    m_PVRFilterTypeIndirect: 0
    m_PVRFilterTypeAO: 0
    m_PVRFilteringMode: 1
    m_PVRCulling: 1
    m_PVRFilteringGaussRadiusDirect: 1
    m_PVRFilteringGaussRadiusIndirect: 5
    m_PVRFilteringGaussRadiusAO: 2
    m_PVRFilteringAtrousPositionSigmaDirect: 0.5
    m_PVRFilteringAtrousPositionSigmaIndirect: 2
    m_PVRFilteringAtrousPositionSigmaAO: 1
    m_ShowResolutionOverlay: 1
  m_LightingDataAsset: {fileID: 0}
  m_UseShadowmask: 1
--- !u!196 &4
NavMeshSettings:
  serializedVersion: 2
  m_ObjectHideFlags: 0
  m_BuildSettings:
    serializedVersion: 2
    agentTypeID: 0
    agentRadius: 0.5
    agentHeight: 2
    agentSlope: 45
    agentClimb: 0.4
    ledgeDropHeight: 0
    maxJumpAcrossDistance: 0
    minRegionArea: 2
    manualCellSize: 0
    cellSize: 0.16666667
    manualTileSize: 0
    tileSize: 256
    accuratePlacement: 0
    debug:
      m_Flags: 0
  m_NavMeshData: {fileID: 0}
--- !u!1 &80426171
GameObject:
  m_ObjectHideFlags: 0
  m_CorrespondingSourceObject: {fileID: 0}
  m_PrefabInternal: {fileID: 0}
  serializedVersion: 6
  m_Component:
  - component: {fileID: 80426172}
  m_Layer: 0
  m_Name: Geometry
  m_TagString: Untagged
  m_Icon: {fileID: 0}
  m_NavMeshLayer: 0
  m_StaticEditorFlags: 0
  m_IsActive: 1
--- !u!4 &80426172
Transform:
  m_ObjectHideFlags: 0
  m_CorrespondingSourceObject: {fileID: 0}
  m_PrefabInternal: {fileID: 0}
  m_GameObject: {fileID: 80426171}
  m_LocalRotation: {x: 0, y: 0, z: 0, w: 1}
  m_LocalPosition: {x: 0, y: 0, z: 0}
  m_LocalScale: {x: 1, y: 1, z: 1}
  m_Children:
  - {fileID: 1970987413}
  - {fileID: 971911338}
  - {fileID: 1924914329}
  - {fileID: 1837715830}
  - {fileID: 1172637996}
  - {fileID: 700759184}
  - {fileID: 1299241095}
  - {fileID: 1212346497}
  - {fileID: 2017440971}
  - {fileID: 129793419}
  - {fileID: 880642995}
  - {fileID: 1327575865}
  - {fileID: 336580715}
  - {fileID: 1574676653}
  - {fileID: 1561646713}
  - {fileID: 1712827464}
  - {fileID: 573400580}
  - {fileID: 1788697165}
  - {fileID: 1971963428}
  - {fileID: 423340194}
  - {fileID: 1601364310}
  - {fileID: 839234008}
  - {fileID: 1481020167}
  m_Father: {fileID: 0}
  m_RootOrder: 1
  m_LocalEulerAnglesHint: {x: 0, y: 0, z: 0}
--- !u!1 &114239469
GameObject:
  m_ObjectHideFlags: 0
  m_CorrespondingSourceObject: {fileID: 0}
  m_PrefabInternal: {fileID: 0}
  serializedVersion: 6
  m_Component:
  - component: {fileID: 114239472}
  - component: {fileID: 114239471}
  - component: {fileID: 114239470}
  m_Layer: 0
  m_Name: EventSystem
  m_TagString: Untagged
  m_Icon: {fileID: 0}
  m_NavMeshLayer: 0
  m_StaticEditorFlags: 0
  m_IsActive: 1
--- !u!114 &114239470
MonoBehaviour:
  m_ObjectHideFlags: 0
  m_CorrespondingSourceObject: {fileID: 0}
  m_PrefabInternal: {fileID: 0}
  m_GameObject: {fileID: 114239469}
  m_Enabled: 1
  m_EditorHideFlags: 0
  m_Script: {fileID: 1077351063, guid: f70555f144d8491a825f0804e09c671c, type: 3}
  m_Name: 
  m_EditorClassIdentifier: 
  m_HorizontalAxis: Horizontal
  m_VerticalAxis: Vertical
  m_SubmitButton: Submit
  m_CancelButton: Cancel
  m_InputActionsPerSecond: 10
  m_RepeatDelay: 0.5
  m_ForceModuleActive: 0
--- !u!114 &114239471
MonoBehaviour:
  m_ObjectHideFlags: 0
  m_CorrespondingSourceObject: {fileID: 0}
  m_PrefabInternal: {fileID: 0}
  m_GameObject: {fileID: 114239469}
  m_Enabled: 1
  m_EditorHideFlags: 0
  m_Script: {fileID: -619905303, guid: f70555f144d8491a825f0804e09c671c, type: 3}
  m_Name: 
  m_EditorClassIdentifier: 
  m_FirstSelected: {fileID: 0}
  m_sendNavigationEvents: 1
  m_DragThreshold: 10
--- !u!4 &114239472
Transform:
  m_ObjectHideFlags: 0
  m_CorrespondingSourceObject: {fileID: 0}
  m_PrefabInternal: {fileID: 0}
  m_GameObject: {fileID: 114239469}
  m_LocalRotation: {x: 0, y: 0, z: 0, w: 1}
  m_LocalPosition: {x: 0, y: 0, z: 0}
  m_LocalScale: {x: 1, y: 1, z: 1}
  m_Children: []
  m_Father: {fileID: 0}
  m_RootOrder: 4
  m_LocalEulerAnglesHint: {x: 0, y: 0, z: 0}
--- !u!1 &129793418
GameObject:
  m_ObjectHideFlags: 0
  m_CorrespondingSourceObject: {fileID: 0}
  m_PrefabInternal: {fileID: 0}
  serializedVersion: 6
  m_Component:
  - component: {fileID: 129793419}
  - component: {fileID: 129793422}
  - component: {fileID: 129793421}
  - component: {fileID: 129793420}
  m_Layer: 0
  m_Name: Cube (4)
  m_TagString: Untagged
  m_Icon: {fileID: 0}
  m_NavMeshLayer: 0
  m_StaticEditorFlags: 0
  m_IsActive: 1
--- !u!4 &129793419
Transform:
  m_ObjectHideFlags: 0
  m_CorrespondingSourceObject: {fileID: 0}
  m_PrefabInternal: {fileID: 0}
  m_GameObject: {fileID: 129793418}
  m_LocalRotation: {x: -0, y: -0, z: -0, w: 1}
  m_LocalPosition: {x: 8.180001, y: 1.1800003, z: -1.5499997}
  m_LocalScale: {x: 2.0625699, y: 2.1225, z: 4.6503}
  m_Children: []
  m_Father: {fileID: 80426172}
  m_RootOrder: 9
  m_LocalEulerAnglesHint: {x: 0, y: 0, z: 0}
--- !u!65 &129793420
BoxCollider:
  m_ObjectHideFlags: 0
  m_CorrespondingSourceObject: {fileID: 0}
  m_PrefabInternal: {fileID: 0}
  m_GameObject: {fileID: 129793418}
  m_Material: {fileID: 0}
  m_IsTrigger: 0
  m_Enabled: 1
  serializedVersion: 2
  m_Size: {x: 1, y: 1, z: 1}
  m_Center: {x: 0, y: 0, z: 0}
--- !u!23 &129793421
MeshRenderer:
  m_ObjectHideFlags: 0
  m_CorrespondingSourceObject: {fileID: 0}
  m_PrefabInternal: {fileID: 0}
  m_GameObject: {fileID: 129793418}
  m_Enabled: 1
  m_CastShadows: 1
  m_ReceiveShadows: 1
  m_DynamicOccludee: 1
  m_MotionVectors: 1
  m_LightProbeUsage: 1
  m_ReflectionProbeUsage: 1
  m_RenderingLayerMask: 4294967295
  m_Materials:
  - {fileID: 10303, guid: 0000000000000000f000000000000000, type: 0}
  m_StaticBatchInfo:
    firstSubMesh: 0
    subMeshCount: 0
  m_StaticBatchRoot: {fileID: 0}
  m_ProbeAnchor: {fileID: 0}
  m_LightProbeVolumeOverride: {fileID: 0}
  m_ScaleInLightmap: 1
  m_PreserveUVs: 0
  m_IgnoreNormalsForChartDetection: 0
  m_ImportantGI: 0
  m_StitchLightmapSeams: 0
  m_SelectedEditorRenderState: 3
  m_MinimumChartSize: 4
  m_AutoUVMaxDistance: 0.5
  m_AutoUVMaxAngle: 89
  m_LightmapParameters: {fileID: 0}
  m_SortingLayerID: 0
  m_SortingLayer: 0
  m_SortingOrder: 0
--- !u!33 &129793422
MeshFilter:
  m_ObjectHideFlags: 0
  m_CorrespondingSourceObject: {fileID: 0}
  m_PrefabInternal: {fileID: 0}
  m_GameObject: {fileID: 129793418}
  m_Mesh: {fileID: 10202, guid: 0000000000000000e000000000000000, type: 0}
--- !u!1 &133132855
GameObject:
  m_ObjectHideFlags: 0
  m_CorrespondingSourceObject: {fileID: 0}
  m_PrefabInternal: {fileID: 0}
  serializedVersion: 6
  m_Component:
  - component: {fileID: 133132856}
  m_Layer: 5
  m_Name: Panel
  m_TagString: Untagged
  m_Icon: {fileID: 0}
  m_NavMeshLayer: 0
  m_StaticEditorFlags: 0
  m_IsActive: 1
--- !u!224 &133132856
RectTransform:
  m_ObjectHideFlags: 0
  m_CorrespondingSourceObject: {fileID: 0}
  m_PrefabInternal: {fileID: 0}
  m_GameObject: {fileID: 133132855}
  m_LocalRotation: {x: 0, y: 0, z: 0, w: 1}
  m_LocalPosition: {x: 0, y: 0, z: 0}
  m_LocalScale: {x: 1, y: 1, z: 1}
  m_Children:
  - {fileID: 1007800564}
  m_Father: {fileID: 1771611970}
  m_RootOrder: 0
  m_LocalEulerAnglesHint: {x: 0, y: 0, z: 0}
  m_AnchorMin: {x: 0, y: 1}
  m_AnchorMax: {x: 1, y: 1}
  m_AnchoredPosition: {x: 0, y: 0}
  m_SizeDelta: {x: 0, y: 50}
  m_Pivot: {x: 0.5, y: 1}
--- !u!1001 &336580714
Prefab:
  m_ObjectHideFlags: 0
  serializedVersion: 2
  m_Modification:
    m_TransformParent: {fileID: 80426172}
    m_Modifications:
    - target: {fileID: 4468863301041898, guid: ca5957217c5ab7c47a6a0352cfab2314, type: 2}
      propertyPath: m_LocalPosition.x
      value: -8.819101
      objectReference: {fileID: 0}
    - target: {fileID: 4468863301041898, guid: ca5957217c5ab7c47a6a0352cfab2314, type: 2}
      propertyPath: m_LocalPosition.y
      value: 2.4912503
      objectReference: {fileID: 0}
    - target: {fileID: 4468863301041898, guid: ca5957217c5ab7c47a6a0352cfab2314, type: 2}
      propertyPath: m_LocalPosition.z
      value: 1.3237584
      objectReference: {fileID: 0}
    - target: {fileID: 4468863301041898, guid: ca5957217c5ab7c47a6a0352cfab2314, type: 2}
      propertyPath: m_LocalRotation.x
      value: -0
      objectReference: {fileID: 0}
    - target: {fileID: 4468863301041898, guid: ca5957217c5ab7c47a6a0352cfab2314, type: 2}
      propertyPath: m_LocalRotation.y
      value: -0
      objectReference: {fileID: 0}
    - target: {fileID: 4468863301041898, guid: ca5957217c5ab7c47a6a0352cfab2314, type: 2}
      propertyPath: m_LocalRotation.z
      value: -0
      objectReference: {fileID: 0}
    - target: {fileID: 4468863301041898, guid: ca5957217c5ab7c47a6a0352cfab2314, type: 2}
      propertyPath: m_LocalRotation.w
      value: 1
      objectReference: {fileID: 0}
    - target: {fileID: 4468863301041898, guid: ca5957217c5ab7c47a6a0352cfab2314, type: 2}
      propertyPath: m_RootOrder
      value: 12
      objectReference: {fileID: 0}
    - target: {fileID: 1292996631364820, guid: ca5957217c5ab7c47a6a0352cfab2314, type: 2}
      propertyPath: m_Name
      value: Prop (11)
      objectReference: {fileID: 0}
    m_RemovedComponents: []
  m_SourcePrefab: {fileID: 100100000, guid: ca5957217c5ab7c47a6a0352cfab2314, type: 2}
  m_IsPrefabAsset: 0
--- !u!4 &336580715 stripped
Transform:
  m_CorrespondingSourceObject: {fileID: 4468863301041898, guid: ca5957217c5ab7c47a6a0352cfab2314,
    type: 2}
  m_PrefabInternal: {fileID: 336580714}
--- !u!1 &337761996
GameObject:
  m_ObjectHideFlags: 0
  m_CorrespondingSourceObject: {fileID: 0}
  m_PrefabInternal: {fileID: 0}
  serializedVersion: 6
  m_Component:
  - component: {fileID: 337761999}
  - component: {fileID: 337761998}
  - component: {fileID: 337761997}
  m_Layer: 0
  m_Name: Main Camera
  m_TagString: MainCamera
  m_Icon: {fileID: 0}
  m_NavMeshLayer: 0
  m_StaticEditorFlags: 0
  m_IsActive: 1
--- !u!81 &337761997
AudioListener:
  m_ObjectHideFlags: 0
  m_CorrespondingSourceObject: {fileID: 0}
  m_PrefabInternal: {fileID: 0}
  m_GameObject: {fileID: 337761996}
  m_Enabled: 0
--- !u!20 &337761998
Camera:
  m_ObjectHideFlags: 0
  m_CorrespondingSourceObject: {fileID: 0}
  m_PrefabInternal: {fileID: 0}
  m_GameObject: {fileID: 337761996}
  m_Enabled: 1
  serializedVersion: 2
  m_ClearFlags: 1
  m_BackGroundColor: {r: 0.19215687, g: 0.3019608, b: 0.4745098, a: 0}
  m_projectionMatrixMode: 1
  m_SensorSize: {x: 36, y: 24}
  m_LensShift: {x: 0, y: 0}
  m_FocalLength: 50
  m_NormalizedViewPortRect:
    serializedVersion: 2
    x: 0
    y: 0
    width: 1
    height: 1
  near clip plane: 0.3
  far clip plane: 1000
  field of view: 60
  orthographic: 0
  orthographic size: 5
  m_Depth: 0
  m_CullingMask:
    serializedVersion: 2
    m_Bits: 4294967295
  m_RenderingPath: -1
  m_TargetTexture: {fileID: 0}
  m_TargetDisplay: 0
  m_TargetEye: 3
  m_HDR: 1
  m_AllowMSAA: 1
  m_AllowDynamicResolution: 0
  m_ForceIntoRT: 0
  m_OcclusionCulling: 1
  m_StereoConvergence: 10
  m_StereoSeparation: 0.022
--- !u!4 &337761999
Transform:
  m_ObjectHideFlags: 0
  m_CorrespondingSourceObject: {fileID: 0}
  m_PrefabInternal: {fileID: 0}
  m_GameObject: {fileID: 337761996}
  m_LocalRotation: {x: 0, y: 0, z: 0, w: 1}
  m_LocalPosition: {x: 4.002391, y: 2.5853713, z: 1.3712901}
  m_LocalScale: {x: 1, y: 1, z: 1}
  m_Children: []
  m_Father: {fileID: 0}
  m_RootOrder: 5
  m_LocalEulerAnglesHint: {x: 0, y: 0, z: 0}
--- !u!1 &423036906
GameObject:
  m_ObjectHideFlags: 0
  m_CorrespondingSourceObject: {fileID: 0}
  m_PrefabInternal: {fileID: 0}
  serializedVersion: 6
  m_Component:
  - component: {fileID: 423036908}
  - component: {fileID: 423036907}
  m_Layer: 0
  m_Name: Directional Light
  m_TagString: Untagged
  m_Icon: {fileID: 0}
  m_NavMeshLayer: 0
  m_StaticEditorFlags: 0
  m_IsActive: 1
--- !u!108 &423036907
Light:
  m_ObjectHideFlags: 0
  m_CorrespondingSourceObject: {fileID: 0}
  m_PrefabInternal: {fileID: 0}
  m_GameObject: {fileID: 423036906}
  m_Enabled: 1
  serializedVersion: 8
  m_Type: 1
  m_Color: {r: 1, g: 0.95686275, b: 0.8392157, a: 1}
  m_Intensity: 1
  m_Range: 10
  m_SpotAngle: 30
  m_CookieSize: 10
  m_Shadows:
    m_Type: 2
    m_Resolution: -1
    m_CustomResolution: -1
    m_Strength: 1
    m_Bias: 0.05
    m_NormalBias: 0.4
    m_NearPlane: 0.2
  m_Cookie: {fileID: 0}
  m_DrawHalo: 0
  m_Flare: {fileID: 0}
  m_RenderMode: 0
  m_CullingMask:
    serializedVersion: 2
    m_Bits: 4294967295
  m_Lightmapping: 4
  m_LightShadowCasterMode: 0
  m_AreaSize: {x: 1, y: 1}
  m_BounceIntensity: 1
  m_ColorTemperature: 6570
  m_UseColorTemperature: 0
  m_ShadowRadius: 0
  m_ShadowAngle: 0
--- !u!4 &423036908
Transform:
  m_ObjectHideFlags: 0
  m_CorrespondingSourceObject: {fileID: 0}
  m_PrefabInternal: {fileID: 0}
  m_GameObject: {fileID: 423036906}
  m_LocalRotation: {x: 0.40821788, y: -0.23456968, z: 0.10938163, w: 0.8754261}
  m_LocalPosition: {x: 0, y: 3, z: 0}
  m_LocalScale: {x: 1, y: 1, z: 1}
  m_Children: []
  m_Father: {fileID: 0}
  m_RootOrder: 0
  m_LocalEulerAnglesHint: {x: 50, y: -30, z: 0}
--- !u!1001 &423340193
Prefab:
  m_ObjectHideFlags: 0
  serializedVersion: 2
  m_Modification:
    m_TransformParent: {fileID: 80426172}
    m_Modifications:
    - target: {fileID: 4468863301041898, guid: ca5957217c5ab7c47a6a0352cfab2314, type: 2}
      propertyPath: m_LocalPosition.x
      value: 2.9444525
      objectReference: {fileID: 0}
    - target: {fileID: 4468863301041898, guid: ca5957217c5ab7c47a6a0352cfab2314, type: 2}
      propertyPath: m_LocalPosition.y
      value: 2.4912503
      objectReference: {fileID: 0}
    - target: {fileID: 4468863301041898, guid: ca5957217c5ab7c47a6a0352cfab2314, type: 2}
      propertyPath: m_LocalPosition.z
      value: -8.458184
      objectReference: {fileID: 0}
    - target: {fileID: 4468863301041898, guid: ca5957217c5ab7c47a6a0352cfab2314, type: 2}
      propertyPath: m_LocalRotation.x
      value: -0
      objectReference: {fileID: 0}
    - target: {fileID: 4468863301041898, guid: ca5957217c5ab7c47a6a0352cfab2314, type: 2}
      propertyPath: m_LocalRotation.y
      value: -0
      objectReference: {fileID: 0}
    - target: {fileID: 4468863301041898, guid: ca5957217c5ab7c47a6a0352cfab2314, type: 2}
      propertyPath: m_LocalRotation.z
      value: -0
      objectReference: {fileID: 0}
    - target: {fileID: 4468863301041898, guid: ca5957217c5ab7c47a6a0352cfab2314, type: 2}
      propertyPath: m_LocalRotation.w
      value: 1
      objectReference: {fileID: 0}
    - target: {fileID: 4468863301041898, guid: ca5957217c5ab7c47a6a0352cfab2314, type: 2}
      propertyPath: m_RootOrder
      value: 19
      objectReference: {fileID: 0}
    - target: {fileID: 1292996631364820, guid: ca5957217c5ab7c47a6a0352cfab2314, type: 2}
      propertyPath: m_Name
      value: Prop (4)
      objectReference: {fileID: 0}
    m_RemovedComponents: []
  m_SourcePrefab: {fileID: 100100000, guid: ca5957217c5ab7c47a6a0352cfab2314, type: 2}
  m_IsPrefabAsset: 0
--- !u!4 &423340194 stripped
Transform:
  m_CorrespondingSourceObject: {fileID: 4468863301041898, guid: ca5957217c5ab7c47a6a0352cfab2314,
    type: 2}
  m_PrefabInternal: {fileID: 423340193}
--- !u!1001 &573400579
Prefab:
  m_ObjectHideFlags: 0
  serializedVersion: 2
  m_Modification:
    m_TransformParent: {fileID: 80426172}
    m_Modifications:
    - target: {fileID: 4468863301041898, guid: ca5957217c5ab7c47a6a0352cfab2314, type: 2}
      propertyPath: m_LocalPosition.x
      value: -1.7781839
      objectReference: {fileID: 0}
    - target: {fileID: 4468863301041898, guid: ca5957217c5ab7c47a6a0352cfab2314, type: 2}
      propertyPath: m_LocalPosition.y
      value: 2.4912503
      objectReference: {fileID: 0}
    - target: {fileID: 4468863301041898, guid: ca5957217c5ab7c47a6a0352cfab2314, type: 2}
      propertyPath: m_LocalPosition.z
      value: 3.1959329
      objectReference: {fileID: 0}
    - target: {fileID: 4468863301041898, guid: ca5957217c5ab7c47a6a0352cfab2314, type: 2}
      propertyPath: m_LocalRotation.x
      value: -0
      objectReference: {fileID: 0}
    - target: {fileID: 4468863301041898, guid: ca5957217c5ab7c47a6a0352cfab2314, type: 2}
      propertyPath: m_LocalRotation.y
      value: -0
      objectReference: {fileID: 0}
    - target: {fileID: 4468863301041898, guid: ca5957217c5ab7c47a6a0352cfab2314, type: 2}
      propertyPath: m_LocalRotation.z
      value: -0
      objectReference: {fileID: 0}
    - target: {fileID: 4468863301041898, guid: ca5957217c5ab7c47a6a0352cfab2314, type: 2}
      propertyPath: m_LocalRotation.w
      value: 1
      objectReference: {fileID: 0}
    - target: {fileID: 4468863301041898, guid: ca5957217c5ab7c47a6a0352cfab2314, type: 2}
      propertyPath: m_RootOrder
      value: 16
      objectReference: {fileID: 0}
    - target: {fileID: 1292996631364820, guid: ca5957217c5ab7c47a6a0352cfab2314, type: 2}
      propertyPath: m_Name
      value: Prop (7)
      objectReference: {fileID: 0}
    m_RemovedComponents: []
  m_SourcePrefab: {fileID: 100100000, guid: ca5957217c5ab7c47a6a0352cfab2314, type: 2}
  m_IsPrefabAsset: 0
--- !u!4 &573400580 stripped
Transform:
  m_CorrespondingSourceObject: {fileID: 4468863301041898, guid: ca5957217c5ab7c47a6a0352cfab2314,
    type: 2}
  m_PrefabInternal: {fileID: 573400579}
--- !u!1 &700759183
GameObject:
  m_ObjectHideFlags: 0
  m_CorrespondingSourceObject: {fileID: 0}
  m_PrefabInternal: {fileID: 0}
  serializedVersion: 6
  m_Component:
  - component: {fileID: 700759184}
  - component: {fileID: 700759187}
  - component: {fileID: 700759186}
  - component: {fileID: 700759185}
  m_Layer: 0
  m_Name: Cube
  m_TagString: Untagged
  m_Icon: {fileID: 0}
  m_NavMeshLayer: 0
  m_StaticEditorFlags: 0
  m_IsActive: 1
--- !u!4 &700759184
Transform:
  m_ObjectHideFlags: 0
  m_CorrespondingSourceObject: {fileID: 0}
  m_PrefabInternal: {fileID: 0}
  m_GameObject: {fileID: 700759183}
  m_LocalRotation: {x: -0, y: -0, z: -0, w: 1}
  m_LocalPosition: {x: -8.74, y: 1.1800003, z: 2.23}
  m_LocalScale: {x: 1.3397, y: 2.1225, z: 3.5358999}
  m_Children: []
  m_Father: {fileID: 80426172}
  m_RootOrder: 5
  m_LocalEulerAnglesHint: {x: 0, y: 0, z: 0}
--- !u!65 &700759185
BoxCollider:
  m_ObjectHideFlags: 0
  m_CorrespondingSourceObject: {fileID: 0}
  m_PrefabInternal: {fileID: 0}
  m_GameObject: {fileID: 700759183}
  m_Material: {fileID: 0}
  m_IsTrigger: 0
  m_Enabled: 1
  serializedVersion: 2
  m_Size: {x: 1, y: 1, z: 1}
  m_Center: {x: 0, y: 0, z: 0}
--- !u!23 &700759186
MeshRenderer:
  m_ObjectHideFlags: 0
  m_CorrespondingSourceObject: {fileID: 0}
  m_PrefabInternal: {fileID: 0}
  m_GameObject: {fileID: 700759183}
  m_Enabled: 1
  m_CastShadows: 1
  m_ReceiveShadows: 1
  m_DynamicOccludee: 1
  m_MotionVectors: 1
  m_LightProbeUsage: 1
  m_ReflectionProbeUsage: 1
  m_RenderingLayerMask: 4294967295
  m_Materials:
  - {fileID: 10303, guid: 0000000000000000f000000000000000, type: 0}
  m_StaticBatchInfo:
    firstSubMesh: 0
    subMeshCount: 0
  m_StaticBatchRoot: {fileID: 0}
  m_ProbeAnchor: {fileID: 0}
  m_LightProbeVolumeOverride: {fileID: 0}
  m_ScaleInLightmap: 1
  m_PreserveUVs: 0
  m_IgnoreNormalsForChartDetection: 0
  m_ImportantGI: 0
  m_StitchLightmapSeams: 0
  m_SelectedEditorRenderState: 3
  m_MinimumChartSize: 4
  m_AutoUVMaxDistance: 0.5
  m_AutoUVMaxAngle: 89
  m_LightmapParameters: {fileID: 0}
  m_SortingLayerID: 0
  m_SortingLayer: 0
  m_SortingOrder: 0
--- !u!33 &700759187
MeshFilter:
  m_ObjectHideFlags: 0
  m_CorrespondingSourceObject: {fileID: 0}
  m_PrefabInternal: {fileID: 0}
  m_GameObject: {fileID: 700759183}
  m_Mesh: {fileID: 10202, guid: 0000000000000000e000000000000000, type: 0}
--- !u!1001 &839234007
Prefab:
  m_ObjectHideFlags: 0
  serializedVersion: 2
  m_Modification:
    m_TransformParent: {fileID: 80426172}
    m_Modifications:
    - target: {fileID: 4468863301041898, guid: ca5957217c5ab7c47a6a0352cfab2314, type: 2}
      propertyPath: m_LocalPosition.x
      value: 5.178093
      objectReference: {fileID: 0}
    - target: {fileID: 4468863301041898, guid: ca5957217c5ab7c47a6a0352cfab2314, type: 2}
      propertyPath: m_LocalPosition.y
      value: 2.4912503
      objectReference: {fileID: 0}
    - target: {fileID: 4468863301041898, guid: ca5957217c5ab7c47a6a0352cfab2314, type: 2}
      propertyPath: m_LocalPosition.z
      value: -7.9955244
      objectReference: {fileID: 0}
    - target: {fileID: 4468863301041898, guid: ca5957217c5ab7c47a6a0352cfab2314, type: 2}
      propertyPath: m_LocalRotation.x
      value: -0
      objectReference: {fileID: 0}
    - target: {fileID: 4468863301041898, guid: ca5957217c5ab7c47a6a0352cfab2314, type: 2}
      propertyPath: m_LocalRotation.y
      value: -0
      objectReference: {fileID: 0}
    - target: {fileID: 4468863301041898, guid: ca5957217c5ab7c47a6a0352cfab2314, type: 2}
      propertyPath: m_LocalRotation.z
      value: -0
      objectReference: {fileID: 0}
    - target: {fileID: 4468863301041898, guid: ca5957217c5ab7c47a6a0352cfab2314, type: 2}
      propertyPath: m_LocalRotation.w
      value: 1
      objectReference: {fileID: 0}
    - target: {fileID: 4468863301041898, guid: ca5957217c5ab7c47a6a0352cfab2314, type: 2}
      propertyPath: m_RootOrder
      value: 21
      objectReference: {fileID: 0}
    - target: {fileID: 1292996631364820, guid: ca5957217c5ab7c47a6a0352cfab2314, type: 2}
      propertyPath: m_Name
      value: Prop (2)
      objectReference: {fileID: 0}
    m_RemovedComponents: []
  m_SourcePrefab: {fileID: 100100000, guid: ca5957217c5ab7c47a6a0352cfab2314, type: 2}
  m_IsPrefabAsset: 0
--- !u!4 &839234008 stripped
Transform:
  m_CorrespondingSourceObject: {fileID: 4468863301041898, guid: ca5957217c5ab7c47a6a0352cfab2314,
    type: 2}
  m_PrefabInternal: {fileID: 839234007}
--- !u!1001 &880642994
Prefab:
  m_ObjectHideFlags: 0
  serializedVersion: 2
  m_Modification:
    m_TransformParent: {fileID: 80426172}
    m_Modifications:
    - target: {fileID: 4468863301041898, guid: ca5957217c5ab7c47a6a0352cfab2314, type: 2}
      propertyPath: m_LocalPosition.x
      value: -8.928055
      objectReference: {fileID: 0}
    - target: {fileID: 4468863301041898, guid: ca5957217c5ab7c47a6a0352cfab2314, type: 2}
      propertyPath: m_LocalPosition.y
      value: 2.4912503
      objectReference: {fileID: 0}
    - target: {fileID: 4468863301041898, guid: ca5957217c5ab7c47a6a0352cfab2314, type: 2}
      propertyPath: m_LocalPosition.z
      value: 3.3450575
      objectReference: {fileID: 0}
    - target: {fileID: 4468863301041898, guid: ca5957217c5ab7c47a6a0352cfab2314, type: 2}
      propertyPath: m_LocalRotation.x
      value: -0
      objectReference: {fileID: 0}
    - target: {fileID: 4468863301041898, guid: ca5957217c5ab7c47a6a0352cfab2314, type: 2}
      propertyPath: m_LocalRotation.y
      value: -0
      objectReference: {fileID: 0}
    - target: {fileID: 4468863301041898, guid: ca5957217c5ab7c47a6a0352cfab2314, type: 2}
      propertyPath: m_LocalRotation.z
      value: -0
      objectReference: {fileID: 0}
    - target: {fileID: 4468863301041898, guid: ca5957217c5ab7c47a6a0352cfab2314, type: 2}
      propertyPath: m_LocalRotation.w
      value: 1
      objectReference: {fileID: 0}
    - target: {fileID: 4468863301041898, guid: ca5957217c5ab7c47a6a0352cfab2314, type: 2}
      propertyPath: m_RootOrder
      value: 10
      objectReference: {fileID: 0}
    - target: {fileID: 1292996631364820, guid: ca5957217c5ab7c47a6a0352cfab2314, type: 2}
      propertyPath: m_Name
      value: Prop (13)
      objectReference: {fileID: 0}
    m_RemovedComponents: []
  m_SourcePrefab: {fileID: 100100000, guid: ca5957217c5ab7c47a6a0352cfab2314, type: 2}
  m_IsPrefabAsset: 0
--- !u!4 &880642995 stripped
Transform:
  m_CorrespondingSourceObject: {fileID: 4468863301041898, guid: ca5957217c5ab7c47a6a0352cfab2314,
    type: 2}
  m_PrefabInternal: {fileID: 880642994}
--- !u!1 &971911334
GameObject:
  m_ObjectHideFlags: 0
  m_CorrespondingSourceObject: {fileID: 0}
  m_PrefabInternal: {fileID: 0}
  serializedVersion: 6
  m_Component:
  - component: {fileID: 971911338}
  - component: {fileID: 971911337}
  - component: {fileID: 971911336}
  - component: {fileID: 971911335}
  m_Layer: 0
  m_Name: Wall
  m_TagString: Untagged
  m_Icon: {fileID: 0}
  m_NavMeshLayer: 0
  m_StaticEditorFlags: 0
  m_IsActive: 1
--- !u!65 &971911335
BoxCollider:
  m_ObjectHideFlags: 0
  m_CorrespondingSourceObject: {fileID: 0}
  m_PrefabInternal: {fileID: 0}
  m_GameObject: {fileID: 971911334}
  m_Material: {fileID: 0}
  m_IsTrigger: 0
  m_Enabled: 1
  serializedVersion: 2
  m_Size: {x: 1, y: 1, z: 1}
  m_Center: {x: 0, y: 0, z: 0}
--- !u!23 &971911336
MeshRenderer:
  m_ObjectHideFlags: 0
  m_CorrespondingSourceObject: {fileID: 0}
  m_PrefabInternal: {fileID: 0}
  m_GameObject: {fileID: 971911334}
  m_Enabled: 1
  m_CastShadows: 1
  m_ReceiveShadows: 1
  m_DynamicOccludee: 1
  m_MotionVectors: 1
  m_LightProbeUsage: 1
  m_ReflectionProbeUsage: 1
  m_RenderingLayerMask: 4294967295
  m_Materials:
  - {fileID: 2100000, guid: a380e73600e295649bfa99f3a4e63dfb, type: 2}
  m_StaticBatchInfo:
    firstSubMesh: 0
    subMeshCount: 0
  m_StaticBatchRoot: {fileID: 0}
  m_ProbeAnchor: {fileID: 0}
  m_LightProbeVolumeOverride: {fileID: 0}
  m_ScaleInLightmap: 1
  m_PreserveUVs: 0
  m_IgnoreNormalsForChartDetection: 0
  m_ImportantGI: 0
  m_StitchLightmapSeams: 0
  m_SelectedEditorRenderState: 3
  m_MinimumChartSize: 4
  m_AutoUVMaxDistance: 0.5
  m_AutoUVMaxAngle: 89
  m_LightmapParameters: {fileID: 0}
  m_SortingLayerID: 0
  m_SortingLayer: 0
  m_SortingOrder: 0
--- !u!33 &971911337
MeshFilter:
  m_ObjectHideFlags: 0
  m_CorrespondingSourceObject: {fileID: 0}
  m_PrefabInternal: {fileID: 0}
  m_GameObject: {fileID: 971911334}
  m_Mesh: {fileID: 10202, guid: 0000000000000000e000000000000000, type: 0}
--- !u!4 &971911338
Transform:
  m_ObjectHideFlags: 0
  m_CorrespondingSourceObject: {fileID: 0}
  m_PrefabInternal: {fileID: 0}
  m_GameObject: {fileID: 971911334}
  m_LocalRotation: {x: -0, y: -0, z: -0, w: 1}
  m_LocalPosition: {x: 0, y: 2, z: 18}
  m_LocalScale: {x: 36, y: 4, z: 0.2}
  m_Children: []
  m_Father: {fileID: 80426172}
  m_RootOrder: 1
  m_LocalEulerAnglesHint: {x: 0, y: 0, z: 0}
--- !u!224 &1007800564 stripped
RectTransform:
  m_CorrespondingSourceObject: {fileID: 224289388042229226, guid: f748b3995bf6db442830cbaaf166d4ae,
    type: 2}
  m_PrefabInternal: {fileID: 2142767317}
--- !u!1 &1172637992
GameObject:
  m_ObjectHideFlags: 0
  m_CorrespondingSourceObject: {fileID: 0}
  m_PrefabInternal: {fileID: 0}
  serializedVersion: 6
  m_Component:
  - component: {fileID: 1172637996}
  - component: {fileID: 1172637995}
  - component: {fileID: 1172637994}
  - component: {fileID: 1172637993}
  m_Layer: 0
  m_Name: Wall (3)
  m_TagString: Untagged
  m_Icon: {fileID: 0}
  m_NavMeshLayer: 0
  m_StaticEditorFlags: 0
  m_IsActive: 1
--- !u!65 &1172637993
BoxCollider:
  m_ObjectHideFlags: 0
  m_CorrespondingSourceObject: {fileID: 0}
  m_PrefabInternal: {fileID: 0}
  m_GameObject: {fileID: 1172637992}
  m_Material: {fileID: 0}
  m_IsTrigger: 0
  m_Enabled: 1
  serializedVersion: 2
  m_Size: {x: 1, y: 1, z: 1}
  m_Center: {x: 0, y: 0, z: 0}
--- !u!23 &1172637994
MeshRenderer:
  m_ObjectHideFlags: 0
  m_CorrespondingSourceObject: {fileID: 0}
  m_PrefabInternal: {fileID: 0}
  m_GameObject: {fileID: 1172637992}
  m_Enabled: 1
  m_CastShadows: 1
  m_ReceiveShadows: 1
  m_DynamicOccludee: 1
  m_MotionVectors: 1
  m_LightProbeUsage: 1
  m_ReflectionProbeUsage: 1
  m_RenderingLayerMask: 4294967295
  m_Materials:
  - {fileID: 2100000, guid: a380e73600e295649bfa99f3a4e63dfb, type: 2}
  m_StaticBatchInfo:
    firstSubMesh: 0
    subMeshCount: 0
  m_StaticBatchRoot: {fileID: 0}
  m_ProbeAnchor: {fileID: 0}
  m_LightProbeVolumeOverride: {fileID: 0}
  m_ScaleInLightmap: 1
  m_PreserveUVs: 0
  m_IgnoreNormalsForChartDetection: 0
  m_ImportantGI: 0
  m_StitchLightmapSeams: 0
  m_SelectedEditorRenderState: 3
  m_MinimumChartSize: 4
  m_AutoUVMaxDistance: 0.5
  m_AutoUVMaxAngle: 89
  m_LightmapParameters: {fileID: 0}
  m_SortingLayerID: 0
  m_SortingLayer: 0
  m_SortingOrder: 0
--- !u!33 &1172637995
MeshFilter:
  m_ObjectHideFlags: 0
  m_CorrespondingSourceObject: {fileID: 0}
  m_PrefabInternal: {fileID: 0}
  m_GameObject: {fileID: 1172637992}
  m_Mesh: {fileID: 10202, guid: 0000000000000000e000000000000000, type: 0}
--- !u!4 &1172637996
Transform:
  m_ObjectHideFlags: 0
  m_CorrespondingSourceObject: {fileID: 0}
  m_PrefabInternal: {fileID: 0}
  m_GameObject: {fileID: 1172637992}
  m_LocalRotation: {x: -0, y: -0, z: -0, w: 1}
  m_LocalPosition: {x: -18, y: 2, z: 0}
  m_LocalScale: {x: 0.2, y: 4, z: 36}
  m_Children: []
  m_Father: {fileID: 80426172}
  m_RootOrder: 4
  m_LocalEulerAnglesHint: {x: 0, y: 0, z: 0}
--- !u!1 &1212346496
GameObject:
  m_ObjectHideFlags: 0
  m_CorrespondingSourceObject: {fileID: 0}
  m_PrefabInternal: {fileID: 0}
  serializedVersion: 6
  m_Component:
  - component: {fileID: 1212346497}
  - component: {fileID: 1212346500}
  - component: {fileID: 1212346499}
  - component: {fileID: 1212346498}
  m_Layer: 0
  m_Name: Cube (2)
  m_TagString: Untagged
  m_Icon: {fileID: 0}
  m_NavMeshLayer: 0
  m_StaticEditorFlags: 0
  m_IsActive: 1
--- !u!4 &1212346497
Transform:
  m_ObjectHideFlags: 0
  m_CorrespondingSourceObject: {fileID: 0}
  m_PrefabInternal: {fileID: 0}
  m_GameObject: {fileID: 1212346496}
  m_LocalRotation: {x: -0, y: -0, z: -0, w: 1}
  m_LocalPosition: {x: -1.7329998, y: 1.1800003, z: -1.4000001}
  m_LocalScale: {x: 0.81299996, y: 2.1225, z: 14.72314}
  m_Children: []
  m_Father: {fileID: 80426172}
  m_RootOrder: 7
  m_LocalEulerAnglesHint: {x: 0, y: 0, z: 0}
--- !u!65 &1212346498
BoxCollider:
  m_ObjectHideFlags: 0
  m_CorrespondingSourceObject: {fileID: 0}
  m_PrefabInternal: {fileID: 0}
  m_GameObject: {fileID: 1212346496}
  m_Material: {fileID: 0}
  m_IsTrigger: 0
  m_Enabled: 1
  serializedVersion: 2
  m_Size: {x: 1, y: 1, z: 1}
  m_Center: {x: 0, y: 0, z: 0}
--- !u!23 &1212346499
MeshRenderer:
  m_ObjectHideFlags: 0
  m_CorrespondingSourceObject: {fileID: 0}
  m_PrefabInternal: {fileID: 0}
  m_GameObject: {fileID: 1212346496}
  m_Enabled: 1
  m_CastShadows: 1
  m_ReceiveShadows: 1
  m_DynamicOccludee: 1
  m_MotionVectors: 1
  m_LightProbeUsage: 1
  m_ReflectionProbeUsage: 1
  m_RenderingLayerMask: 4294967295
  m_Materials:
  - {fileID: 10303, guid: 0000000000000000f000000000000000, type: 0}
  m_StaticBatchInfo:
    firstSubMesh: 0
    subMeshCount: 0
  m_StaticBatchRoot: {fileID: 0}
  m_ProbeAnchor: {fileID: 0}
  m_LightProbeVolumeOverride: {fileID: 0}
  m_ScaleInLightmap: 1
  m_PreserveUVs: 0
  m_IgnoreNormalsForChartDetection: 0
  m_ImportantGI: 0
  m_StitchLightmapSeams: 0
  m_SelectedEditorRenderState: 3
  m_MinimumChartSize: 4
  m_AutoUVMaxDistance: 0.5
  m_AutoUVMaxAngle: 89
  m_LightmapParameters: {fileID: 0}
  m_SortingLayerID: 0
  m_SortingLayer: 0
  m_SortingOrder: 0
--- !u!33 &1212346500
MeshFilter:
  m_ObjectHideFlags: 0
  m_CorrespondingSourceObject: {fileID: 0}
  m_PrefabInternal: {fileID: 0}
  m_GameObject: {fileID: 1212346496}
  m_Mesh: {fileID: 10202, guid: 0000000000000000e000000000000000, type: 0}
--- !u!1 &1299241094
GameObject:
  m_ObjectHideFlags: 0
  m_CorrespondingSourceObject: {fileID: 0}
  m_PrefabInternal: {fileID: 0}
  serializedVersion: 6
  m_Component:
  - component: {fileID: 1299241095}
  - component: {fileID: 1299241098}
  - component: {fileID: 1299241097}
  - component: {fileID: 1299241096}
  m_Layer: 0
  m_Name: Cube (1)
  m_TagString: Untagged
  m_Icon: {fileID: 0}
  m_NavMeshLayer: 0
  m_StaticEditorFlags: 0
  m_IsActive: 1
--- !u!4 &1299241095
Transform:
  m_ObjectHideFlags: 0
  m_CorrespondingSourceObject: {fileID: 0}
  m_PrefabInternal: {fileID: 0}
  m_GameObject: {fileID: 1299241094}
  m_LocalRotation: {x: -0, y: -0, z: -0, w: 1}
  m_LocalPosition: {x: -8.74, y: 1.1800003, z: -2.69}
  m_LocalScale: {x: 1.3397, y: 2.1225, z: 3.5358999}
  m_Children: []
  m_Father: {fileID: 80426172}
  m_RootOrder: 6
  m_LocalEulerAnglesHint: {x: 0, y: 0, z: 0}
--- !u!65 &1299241096
BoxCollider:
  m_ObjectHideFlags: 0
  m_CorrespondingSourceObject: {fileID: 0}
  m_PrefabInternal: {fileID: 0}
  m_GameObject: {fileID: 1299241094}
  m_Material: {fileID: 0}
  m_IsTrigger: 0
  m_Enabled: 1
  serializedVersion: 2
  m_Size: {x: 1, y: 1, z: 1}
  m_Center: {x: 0, y: 0, z: 0}
--- !u!23 &1299241097
MeshRenderer:
  m_ObjectHideFlags: 0
  m_CorrespondingSourceObject: {fileID: 0}
  m_PrefabInternal: {fileID: 0}
  m_GameObject: {fileID: 1299241094}
  m_Enabled: 1
  m_CastShadows: 1
  m_ReceiveShadows: 1
  m_DynamicOccludee: 1
  m_MotionVectors: 1
  m_LightProbeUsage: 1
  m_ReflectionProbeUsage: 1
  m_RenderingLayerMask: 4294967295
  m_Materials:
  - {fileID: 10303, guid: 0000000000000000f000000000000000, type: 0}
  m_StaticBatchInfo:
    firstSubMesh: 0
    subMeshCount: 0
  m_StaticBatchRoot: {fileID: 0}
  m_ProbeAnchor: {fileID: 0}
  m_LightProbeVolumeOverride: {fileID: 0}
  m_ScaleInLightmap: 1
  m_PreserveUVs: 0
  m_IgnoreNormalsForChartDetection: 0
  m_ImportantGI: 0
  m_StitchLightmapSeams: 0
  m_SelectedEditorRenderState: 3
  m_MinimumChartSize: 4
  m_AutoUVMaxDistance: 0.5
  m_AutoUVMaxAngle: 89
  m_LightmapParameters: {fileID: 0}
  m_SortingLayerID: 0
  m_SortingLayer: 0
  m_SortingOrder: 0
--- !u!33 &1299241098
MeshFilter:
  m_ObjectHideFlags: 0
  m_CorrespondingSourceObject: {fileID: 0}
  m_PrefabInternal: {fileID: 0}
  m_GameObject: {fileID: 1299241094}
  m_Mesh: {fileID: 10202, guid: 0000000000000000e000000000000000, type: 0}
--- !u!1001 &1327575864
Prefab:
  m_ObjectHideFlags: 0
  serializedVersion: 2
  m_Modification:
    m_TransformParent: {fileID: 80426172}
    m_Modifications:
    - target: {fileID: 4468863301041898, guid: ca5957217c5ab7c47a6a0352cfab2314, type: 2}
      propertyPath: m_LocalPosition.x
      value: -8.711477
      objectReference: {fileID: 0}
    - target: {fileID: 4468863301041898, guid: ca5957217c5ab7c47a6a0352cfab2314, type: 2}
      propertyPath: m_LocalPosition.y
      value: 2.4912503
      objectReference: {fileID: 0}
    - target: {fileID: 4468863301041898, guid: ca5957217c5ab7c47a6a0352cfab2314, type: 2}
      propertyPath: m_LocalPosition.z
      value: 2.2169726
      objectReference: {fileID: 0}
    - target: {fileID: 4468863301041898, guid: ca5957217c5ab7c47a6a0352cfab2314, type: 2}
      propertyPath: m_LocalRotation.x
      value: -0
      objectReference: {fileID: 0}
    - target: {fileID: 4468863301041898, guid: ca5957217c5ab7c47a6a0352cfab2314, type: 2}
      propertyPath: m_LocalRotation.y
      value: -0
      objectReference: {fileID: 0}
    - target: {fileID: 4468863301041898, guid: ca5957217c5ab7c47a6a0352cfab2314, type: 2}
      propertyPath: m_LocalRotation.z
      value: -0
      objectReference: {fileID: 0}
    - target: {fileID: 4468863301041898, guid: ca5957217c5ab7c47a6a0352cfab2314, type: 2}
      propertyPath: m_LocalRotation.w
      value: 1
      objectReference: {fileID: 0}
    - target: {fileID: 4468863301041898, guid: ca5957217c5ab7c47a6a0352cfab2314, type: 2}
      propertyPath: m_RootOrder
      value: 11
      objectReference: {fileID: 0}
    - target: {fileID: 1292996631364820, guid: ca5957217c5ab7c47a6a0352cfab2314, type: 2}
      propertyPath: m_Name
      value: Prop (12)
      objectReference: {fileID: 0}
    m_RemovedComponents: []
  m_SourcePrefab: {fileID: 100100000, guid: ca5957217c5ab7c47a6a0352cfab2314, type: 2}
  m_IsPrefabAsset: 0
--- !u!4 &1327575865 stripped
Transform:
  m_CorrespondingSourceObject: {fileID: 4468863301041898, guid: ca5957217c5ab7c47a6a0352cfab2314,
    type: 2}
  m_PrefabInternal: {fileID: 1327575864}
--- !u!1001 &1481020166
Prefab:
  m_ObjectHideFlags: 0
  serializedVersion: 2
  m_Modification:
    m_TransformParent: {fileID: 80426172}
    m_Modifications:
    - target: {fileID: 4468863301041898, guid: ca5957217c5ab7c47a6a0352cfab2314, type: 2}
      propertyPath: m_LocalPosition.x
      value: 8.0460825
      objectReference: {fileID: 0}
    - target: {fileID: 4468863301041898, guid: ca5957217c5ab7c47a6a0352cfab2314, type: 2}
      propertyPath: m_LocalPosition.y
      value: 2.4912503
      objectReference: {fileID: 0}
    - target: {fileID: 4468863301041898, guid: ca5957217c5ab7c47a6a0352cfab2314, type: 2}
      propertyPath: m_LocalPosition.z
      value: 0.07730484
      objectReference: {fileID: 0}
    - target: {fileID: 4468863301041898, guid: ca5957217c5ab7c47a6a0352cfab2314, type: 2}
      propertyPath: m_LocalRotation.x
      value: -0
      objectReference: {fileID: 0}
    - target: {fileID: 4468863301041898, guid: ca5957217c5ab7c47a6a0352cfab2314, type: 2}
      propertyPath: m_LocalRotation.y
      value: -0
      objectReference: {fileID: 0}
    - target: {fileID: 4468863301041898, guid: ca5957217c5ab7c47a6a0352cfab2314, type: 2}
      propertyPath: m_LocalRotation.z
      value: -0
      objectReference: {fileID: 0}
    - target: {fileID: 4468863301041898, guid: ca5957217c5ab7c47a6a0352cfab2314, type: 2}
      propertyPath: m_LocalRotation.w
      value: 1
      objectReference: {fileID: 0}
    - target: {fileID: 4468863301041898, guid: ca5957217c5ab7c47a6a0352cfab2314, type: 2}
      propertyPath: m_RootOrder
      value: 22
      objectReference: {fileID: 0}
    - target: {fileID: 1292996631364820, guid: ca5957217c5ab7c47a6a0352cfab2314, type: 2}
      propertyPath: m_Name
      value: Prop (1)
      objectReference: {fileID: 0}
    m_RemovedComponents: []
  m_SourcePrefab: {fileID: 100100000, guid: ca5957217c5ab7c47a6a0352cfab2314, type: 2}
  m_IsPrefabAsset: 0
--- !u!4 &1481020167 stripped
Transform:
  m_CorrespondingSourceObject: {fileID: 4468863301041898, guid: ca5957217c5ab7c47a6a0352cfab2314,
    type: 2}
  m_PrefabInternal: {fileID: 1481020166}
--- !u!1001 &1561646712
Prefab:
  m_ObjectHideFlags: 0
  serializedVersion: 2
  m_Modification:
    m_TransformParent: {fileID: 80426172}
    m_Modifications:
    - target: {fileID: 4468863301041898, guid: ca5957217c5ab7c47a6a0352cfab2314, type: 2}
      propertyPath: m_LocalPosition.x
      value: -8.497301
      objectReference: {fileID: 0}
    - target: {fileID: 4468863301041898, guid: ca5957217c5ab7c47a6a0352cfab2314, type: 2}
      propertyPath: m_LocalPosition.y
      value: 2.4912503
      objectReference: {fileID: 0}
    - target: {fileID: 4468863301041898, guid: ca5957217c5ab7c47a6a0352cfab2314, type: 2}
      propertyPath: m_LocalPosition.z
      value: -2.5330858
      objectReference: {fileID: 0}
    - target: {fileID: 4468863301041898, guid: ca5957217c5ab7c47a6a0352cfab2314, type: 2}
      propertyPath: m_LocalRotation.x
      value: -0
      objectReference: {fileID: 0}
    - target: {fileID: 4468863301041898, guid: ca5957217c5ab7c47a6a0352cfab2314, type: 2}
      propertyPath: m_LocalRotation.y
      value: -0
      objectReference: {fileID: 0}
    - target: {fileID: 4468863301041898, guid: ca5957217c5ab7c47a6a0352cfab2314, type: 2}
      propertyPath: m_LocalRotation.z
      value: -0
      objectReference: {fileID: 0}
    - target: {fileID: 4468863301041898, guid: ca5957217c5ab7c47a6a0352cfab2314, type: 2}
      propertyPath: m_LocalRotation.w
      value: 1
      objectReference: {fileID: 0}
    - target: {fileID: 4468863301041898, guid: ca5957217c5ab7c47a6a0352cfab2314, type: 2}
      propertyPath: m_RootOrder
      value: 14
      objectReference: {fileID: 0}
    - target: {fileID: 1292996631364820, guid: ca5957217c5ab7c47a6a0352cfab2314, type: 2}
      propertyPath: m_Name
      value: Prop (9)
      objectReference: {fileID: 0}
    m_RemovedComponents: []
  m_SourcePrefab: {fileID: 100100000, guid: ca5957217c5ab7c47a6a0352cfab2314, type: 2}
  m_IsPrefabAsset: 0
--- !u!4 &1561646713 stripped
Transform:
  m_CorrespondingSourceObject: {fileID: 4468863301041898, guid: ca5957217c5ab7c47a6a0352cfab2314,
    type: 2}
  m_PrefabInternal: {fileID: 1561646712}
--- !u!1001 &1574676652
Prefab:
  m_ObjectHideFlags: 0
  serializedVersion: 2
  m_Modification:
    m_TransformParent: {fileID: 80426172}
    m_Modifications:
    - target: {fileID: 4468863301041898, guid: ca5957217c5ab7c47a6a0352cfab2314, type: 2}
      propertyPath: m_LocalPosition.x
      value: -8.436796
      objectReference: {fileID: 0}
    - target: {fileID: 4468863301041898, guid: ca5957217c5ab7c47a6a0352cfab2314, type: 2}
      propertyPath: m_LocalPosition.y
      value: 2.4912503
      objectReference: {fileID: 0}
    - target: {fileID: 4468863301041898, guid: ca5957217c5ab7c47a6a0352cfab2314, type: 2}
      propertyPath: m_LocalPosition.z
      value: -1.4672759
      objectReference: {fileID: 0}
    - target: {fileID: 4468863301041898, guid: ca5957217c5ab7c47a6a0352cfab2314, type: 2}
      propertyPath: m_LocalRotation.x
      value: -0
      objectReference: {fileID: 0}
    - target: {fileID: 4468863301041898, guid: ca5957217c5ab7c47a6a0352cfab2314, type: 2}
      propertyPath: m_LocalRotation.y
      value: -0
      objectReference: {fileID: 0}
    - target: {fileID: 4468863301041898, guid: ca5957217c5ab7c47a6a0352cfab2314, type: 2}
      propertyPath: m_LocalRotation.z
      value: -0
      objectReference: {fileID: 0}
    - target: {fileID: 4468863301041898, guid: ca5957217c5ab7c47a6a0352cfab2314, type: 2}
      propertyPath: m_LocalRotation.w
      value: 1
      objectReference: {fileID: 0}
    - target: {fileID: 4468863301041898, guid: ca5957217c5ab7c47a6a0352cfab2314, type: 2}
      propertyPath: m_RootOrder
      value: 13
      objectReference: {fileID: 0}
    - target: {fileID: 1292996631364820, guid: ca5957217c5ab7c47a6a0352cfab2314, type: 2}
      propertyPath: m_Name
      value: Prop (10)
      objectReference: {fileID: 0}
    m_RemovedComponents: []
  m_SourcePrefab: {fileID: 100100000, guid: ca5957217c5ab7c47a6a0352cfab2314, type: 2}
  m_IsPrefabAsset: 0
--- !u!4 &1574676653 stripped
Transform:
  m_CorrespondingSourceObject: {fileID: 4468863301041898, guid: ca5957217c5ab7c47a6a0352cfab2314,
    type: 2}
  m_PrefabInternal: {fileID: 1574676652}
--- !u!1001 &1601364309
Prefab:
  m_ObjectHideFlags: 0
  serializedVersion: 2
  m_Modification:
    m_TransformParent: {fileID: 80426172}
    m_Modifications:
    - target: {fileID: 4468863301041898, guid: ca5957217c5ab7c47a6a0352cfab2314, type: 2}
      propertyPath: m_LocalPosition.x
      value: 3.8675067
      objectReference: {fileID: 0}
    - target: {fileID: 4468863301041898, guid: ca5957217c5ab7c47a6a0352cfab2314, type: 2}
      propertyPath: m_LocalPosition.y
      value: 2.4912503
      objectReference: {fileID: 0}
    - target: {fileID: 4468863301041898, guid: ca5957217c5ab7c47a6a0352cfab2314, type: 2}
      propertyPath: m_LocalPosition.z
      value: -7.6288977
      objectReference: {fileID: 0}
    - target: {fileID: 4468863301041898, guid: ca5957217c5ab7c47a6a0352cfab2314, type: 2}
      propertyPath: m_LocalRotation.x
      value: -0
      objectReference: {fileID: 0}
    - target: {fileID: 4468863301041898, guid: ca5957217c5ab7c47a6a0352cfab2314, type: 2}
      propertyPath: m_LocalRotation.y
      value: -0
      objectReference: {fileID: 0}
    - target: {fileID: 4468863301041898, guid: ca5957217c5ab7c47a6a0352cfab2314, type: 2}
      propertyPath: m_LocalRotation.z
      value: -0
      objectReference: {fileID: 0}
    - target: {fileID: 4468863301041898, guid: ca5957217c5ab7c47a6a0352cfab2314, type: 2}
      propertyPath: m_LocalRotation.w
      value: 1
      objectReference: {fileID: 0}
    - target: {fileID: 4468863301041898, guid: ca5957217c5ab7c47a6a0352cfab2314, type: 2}
      propertyPath: m_RootOrder
      value: 20
      objectReference: {fileID: 0}
    - target: {fileID: 1292996631364820, guid: ca5957217c5ab7c47a6a0352cfab2314, type: 2}
      propertyPath: m_Name
      value: Prop (3)
      objectReference: {fileID: 0}
    m_RemovedComponents: []
  m_SourcePrefab: {fileID: 100100000, guid: ca5957217c5ab7c47a6a0352cfab2314, type: 2}
  m_IsPrefabAsset: 0
--- !u!4 &1601364310 stripped
Transform:
  m_CorrespondingSourceObject: {fileID: 4468863301041898, guid: ca5957217c5ab7c47a6a0352cfab2314,
    type: 2}
  m_PrefabInternal: {fileID: 1601364309}
--- !u!1001 &1712827463
Prefab:
  m_ObjectHideFlags: 0
  serializedVersion: 2
  m_Modification:
    m_TransformParent: {fileID: 80426172}
    m_Modifications:
    - target: {fileID: 4468863301041898, guid: ca5957217c5ab7c47a6a0352cfab2314, type: 2}
      propertyPath: m_LocalPosition.x
      value: -8.725887
      objectReference: {fileID: 0}
    - target: {fileID: 4468863301041898, guid: ca5957217c5ab7c47a6a0352cfab2314, type: 2}
      propertyPath: m_LocalPosition.y
      value: 2.4912503
      objectReference: {fileID: 0}
    - target: {fileID: 4468863301041898, guid: ca5957217c5ab7c47a6a0352cfab2314, type: 2}
      propertyPath: m_LocalPosition.z
      value: -3.5242248
      objectReference: {fileID: 0}
    - target: {fileID: 4468863301041898, guid: ca5957217c5ab7c47a6a0352cfab2314, type: 2}
      propertyPath: m_LocalRotation.x
      value: -0
      objectReference: {fileID: 0}
    - target: {fileID: 4468863301041898, guid: ca5957217c5ab7c47a6a0352cfab2314, type: 2}
      propertyPath: m_LocalRotation.y
      value: -0
      objectReference: {fileID: 0}
    - target: {fileID: 4468863301041898, guid: ca5957217c5ab7c47a6a0352cfab2314, type: 2}
      propertyPath: m_LocalRotation.z
      value: -0
      objectReference: {fileID: 0}
    - target: {fileID: 4468863301041898, guid: ca5957217c5ab7c47a6a0352cfab2314, type: 2}
      propertyPath: m_LocalRotation.w
      value: 1
      objectReference: {fileID: 0}
    - target: {fileID: 4468863301041898, guid: ca5957217c5ab7c47a6a0352cfab2314, type: 2}
      propertyPath: m_RootOrder
      value: 15
      objectReference: {fileID: 0}
    - target: {fileID: 1292996631364820, guid: ca5957217c5ab7c47a6a0352cfab2314, type: 2}
      propertyPath: m_Name
      value: Prop (8)
      objectReference: {fileID: 0}
    m_RemovedComponents: []
  m_SourcePrefab: {fileID: 100100000, guid: ca5957217c5ab7c47a6a0352cfab2314, type: 2}
  m_IsPrefabAsset: 0
--- !u!4 &1712827464 stripped
Transform:
  m_CorrespondingSourceObject: {fileID: 4468863301041898, guid: ca5957217c5ab7c47a6a0352cfab2314,
    type: 2}
  m_PrefabInternal: {fileID: 1712827463}
--- !u!1 &1771611966
GameObject:
  m_ObjectHideFlags: 0
  m_CorrespondingSourceObject: {fileID: 0}
  m_PrefabInternal: {fileID: 0}
  serializedVersion: 6
  m_Component:
  - component: {fileID: 1771611970}
  - component: {fileID: 1771611969}
  - component: {fileID: 1771611968}
  - component: {fileID: 1771611967}
  m_Layer: 5
  m_Name: Canvas
  m_TagString: Untagged
  m_Icon: {fileID: 0}
  m_NavMeshLayer: 0
  m_StaticEditorFlags: 0
  m_IsActive: 1
--- !u!114 &1771611967
MonoBehaviour:
  m_ObjectHideFlags: 0
  m_CorrespondingSourceObject: {fileID: 0}
  m_PrefabInternal: {fileID: 0}
  m_GameObject: {fileID: 1771611966}
  m_Enabled: 1
  m_EditorHideFlags: 0
  m_Script: {fileID: 1301386320, guid: f70555f144d8491a825f0804e09c671c, type: 3}
  m_Name: 
  m_EditorClassIdentifier: 
  m_IgnoreReversedGraphics: 1
  m_BlockingObjects: 0
  m_BlockingMask:
    serializedVersion: 2
    m_Bits: 4294967295
--- !u!114 &1771611968
MonoBehaviour:
  m_ObjectHideFlags: 0
  m_CorrespondingSourceObject: {fileID: 0}
  m_PrefabInternal: {fileID: 0}
  m_GameObject: {fileID: 1771611966}
  m_Enabled: 1
  m_EditorHideFlags: 0
  m_Script: {fileID: 1980459831, guid: f70555f144d8491a825f0804e09c671c, type: 3}
  m_Name: 
  m_EditorClassIdentifier: 
  m_UiScaleMode: 0
  m_ReferencePixelsPerUnit: 100
  m_ScaleFactor: 1
  m_ReferenceResolution: {x: 800, y: 600}
  m_ScreenMatchMode: 0
  m_MatchWidthOrHeight: 0
  m_PhysicalUnit: 3
  m_FallbackScreenDPI: 96
  m_DefaultSpriteDPI: 96
  m_DynamicPixelsPerUnit: 1
--- !u!223 &1771611969
Canvas:
  m_ObjectHideFlags: 0
  m_CorrespondingSourceObject: {fileID: 0}
  m_PrefabInternal: {fileID: 0}
  m_GameObject: {fileID: 1771611966}
  m_Enabled: 1
  serializedVersion: 3
  m_RenderMode: 0
  m_Camera: {fileID: 0}
  m_PlaneDistance: 100
  m_PixelPerfect: 0
  m_ReceivesEvents: 1
  m_OverrideSorting: 0
  m_OverridePixelPerfect: 0
  m_SortingBucketNormalizedSize: 0
  m_AdditionalShaderChannelsFlag: 0
  m_SortingLayerID: 0
  m_SortingOrder: 0
  m_TargetDisplay: 0
--- !u!224 &1771611970
RectTransform:
  m_ObjectHideFlags: 0
  m_CorrespondingSourceObject: {fileID: 0}
  m_PrefabInternal: {fileID: 0}
  m_GameObject: {fileID: 1771611966}
  m_LocalRotation: {x: 0, y: 0, z: 0, w: 1}
  m_LocalPosition: {x: 0, y: 0, z: 0}
  m_LocalScale: {x: 0, y: 0, z: 0}
  m_Children:
  - {fileID: 133132856}
  m_Father: {fileID: 0}
  m_RootOrder: 3
  m_LocalEulerAnglesHint: {x: 0, y: 0, z: 0}
  m_AnchorMin: {x: 0, y: 0}
  m_AnchorMax: {x: 0, y: 0}
  m_AnchoredPosition: {x: 0, y: 0}
  m_SizeDelta: {x: 0, y: 0}
  m_Pivot: {x: 0, y: 0}
--- !u!1001 &1788697164
Prefab:
  m_ObjectHideFlags: 0
  serializedVersion: 2
  m_Modification:
    m_TransformParent: {fileID: 80426172}
    m_Modifications:
    - target: {fileID: 4468863301041898, guid: ca5957217c5ab7c47a6a0352cfab2314, type: 2}
      propertyPath: m_LocalPosition.x
      value: -1.8030305
      objectReference: {fileID: 0}
    - target: {fileID: 4468863301041898, guid: ca5957217c5ab7c47a6a0352cfab2314, type: 2}
      propertyPath: m_LocalPosition.y
      value: 2.4912503
      objectReference: {fileID: 0}
    - target: {fileID: 4468863301041898, guid: ca5957217c5ab7c47a6a0352cfab2314, type: 2}
      propertyPath: m_LocalPosition.z
      value: -3.9290528
      objectReference: {fileID: 0}
    - target: {fileID: 4468863301041898, guid: ca5957217c5ab7c47a6a0352cfab2314, type: 2}
      propertyPath: m_LocalRotation.x
      value: -0
      objectReference: {fileID: 0}
    - target: {fileID: 4468863301041898, guid: ca5957217c5ab7c47a6a0352cfab2314, type: 2}
      propertyPath: m_LocalRotation.y
      value: -0
      objectReference: {fileID: 0}
    - target: {fileID: 4468863301041898, guid: ca5957217c5ab7c47a6a0352cfab2314, type: 2}
      propertyPath: m_LocalRotation.z
      value: -0
      objectReference: {fileID: 0}
    - target: {fileID: 4468863301041898, guid: ca5957217c5ab7c47a6a0352cfab2314, type: 2}
      propertyPath: m_LocalRotation.w
      value: 1
      objectReference: {fileID: 0}
    - target: {fileID: 4468863301041898, guid: ca5957217c5ab7c47a6a0352cfab2314, type: 2}
      propertyPath: m_RootOrder
      value: 17
      objectReference: {fileID: 0}
    - target: {fileID: 1292996631364820, guid: ca5957217c5ab7c47a6a0352cfab2314, type: 2}
      propertyPath: m_Name
      value: Prop (6)
      objectReference: {fileID: 0}
    m_RemovedComponents: []
  m_SourcePrefab: {fileID: 100100000, guid: ca5957217c5ab7c47a6a0352cfab2314, type: 2}
  m_IsPrefabAsset: 0
--- !u!4 &1788697165 stripped
Transform:
  m_CorrespondingSourceObject: {fileID: 4468863301041898, guid: ca5957217c5ab7c47a6a0352cfab2314,
    type: 2}
  m_PrefabInternal: {fileID: 1788697164}
--- !u!1 &1837715826
GameObject:
  m_ObjectHideFlags: 0
  m_CorrespondingSourceObject: {fileID: 0}
  m_PrefabInternal: {fileID: 0}
  serializedVersion: 6
  m_Component:
  - component: {fileID: 1837715830}
  - component: {fileID: 1837715829}
  - component: {fileID: 1837715828}
  - component: {fileID: 1837715827}
  m_Layer: 0
  m_Name: Wall (2)
  m_TagString: Untagged
  m_Icon: {fileID: 0}
  m_NavMeshLayer: 0
  m_StaticEditorFlags: 0
  m_IsActive: 1
--- !u!65 &1837715827
BoxCollider:
  m_ObjectHideFlags: 0
  m_CorrespondingSourceObject: {fileID: 0}
  m_PrefabInternal: {fileID: 0}
  m_GameObject: {fileID: 1837715826}
  m_Material: {fileID: 0}
  m_IsTrigger: 0
  m_Enabled: 1
  serializedVersion: 2
  m_Size: {x: 1, y: 1, z: 1}
  m_Center: {x: 0, y: 0, z: 0}
--- !u!23 &1837715828
MeshRenderer:
  m_ObjectHideFlags: 0
  m_CorrespondingSourceObject: {fileID: 0}
  m_PrefabInternal: {fileID: 0}
  m_GameObject: {fileID: 1837715826}
  m_Enabled: 1
  m_CastShadows: 1
  m_ReceiveShadows: 1
  m_DynamicOccludee: 1
  m_MotionVectors: 1
  m_LightProbeUsage: 1
  m_ReflectionProbeUsage: 1
  m_RenderingLayerMask: 4294967295
  m_Materials:
  - {fileID: 2100000, guid: a380e73600e295649bfa99f3a4e63dfb, type: 2}
  m_StaticBatchInfo:
    firstSubMesh: 0
    subMeshCount: 0
  m_StaticBatchRoot: {fileID: 0}
  m_ProbeAnchor: {fileID: 0}
  m_LightProbeVolumeOverride: {fileID: 0}
  m_ScaleInLightmap: 1
  m_PreserveUVs: 0
  m_IgnoreNormalsForChartDetection: 0
  m_ImportantGI: 0
  m_StitchLightmapSeams: 0
  m_SelectedEditorRenderState: 3
  m_MinimumChartSize: 4
  m_AutoUVMaxDistance: 0.5
  m_AutoUVMaxAngle: 89
  m_LightmapParameters: {fileID: 0}
  m_SortingLayerID: 0
  m_SortingLayer: 0
  m_SortingOrder: 0
--- !u!33 &1837715829
MeshFilter:
  m_ObjectHideFlags: 0
  m_CorrespondingSourceObject: {fileID: 0}
  m_PrefabInternal: {fileID: 0}
  m_GameObject: {fileID: 1837715826}
  m_Mesh: {fileID: 10202, guid: 0000000000000000e000000000000000, type: 0}
--- !u!4 &1837715830
Transform:
  m_ObjectHideFlags: 0
  m_CorrespondingSourceObject: {fileID: 0}
  m_PrefabInternal: {fileID: 0}
  m_GameObject: {fileID: 1837715826}
  m_LocalRotation: {x: -0, y: -0, z: -0, w: 1}
  m_LocalPosition: {x: 18, y: 2, z: 0}
  m_LocalScale: {x: 0.2, y: 4, z: 36}
  m_Children: []
  m_Father: {fileID: 80426172}
  m_RootOrder: 3
  m_LocalEulerAnglesHint: {x: 0, y: 0, z: 0}
--- !u!1001 &1907299873
Prefab:
  m_ObjectHideFlags: 0
  serializedVersion: 2
  m_Modification:
    m_TransformParent: {fileID: 0}
    m_Modifications:
    - target: {fileID: 4042660488903824, guid: 9a93783c45abbe641a8de094a0a4e96b, type: 2}
      propertyPath: m_LocalPosition.x
      value: 0
      objectReference: {fileID: 0}
    - target: {fileID: 4042660488903824, guid: 9a93783c45abbe641a8de094a0a4e96b, type: 2}
      propertyPath: m_LocalPosition.y
      value: 0
      objectReference: {fileID: 0}
    - target: {fileID: 4042660488903824, guid: 9a93783c45abbe641a8de094a0a4e96b, type: 2}
      propertyPath: m_LocalPosition.z
      value: 0
      objectReference: {fileID: 0}
    - target: {fileID: 4042660488903824, guid: 9a93783c45abbe641a8de094a0a4e96b, type: 2}
      propertyPath: m_LocalRotation.x
      value: 0
      objectReference: {fileID: 0}
    - target: {fileID: 4042660488903824, guid: 9a93783c45abbe641a8de094a0a4e96b, type: 2}
      propertyPath: m_LocalRotation.y
      value: 0
      objectReference: {fileID: 0}
    - target: {fileID: 4042660488903824, guid: 9a93783c45abbe641a8de094a0a4e96b, type: 2}
      propertyPath: m_LocalRotation.z
      value: 0
      objectReference: {fileID: 0}
    - target: {fileID: 4042660488903824, guid: 9a93783c45abbe641a8de094a0a4e96b, type: 2}
      propertyPath: m_LocalRotation.w
      value: 1
      objectReference: {fileID: 0}
    - target: {fileID: 4042660488903824, guid: 9a93783c45abbe641a8de094a0a4e96b, type: 2}
      propertyPath: m_RootOrder
      value: 2
      objectReference: {fileID: 0}
    m_RemovedComponents: []
  m_SourcePrefab: {fileID: 100100000, guid: 9a93783c45abbe641a8de094a0a4e96b, type: 2}
  m_IsPrefabAsset: 0
--- !u!114 &1907299874 stripped
MonoBehaviour:
  m_CorrespondingSourceObject: {fileID: 114090315005913454, guid: 9a93783c45abbe641a8de094a0a4e96b,
    type: 2}
  m_PrefabInternal: {fileID: 1907299873}
  m_Script: {fileID: 11500000, guid: e3931047d189ab94fa1aca095c9d3982, type: 3}
--- !u!1 &1924914325
GameObject:
  m_ObjectHideFlags: 0
  m_CorrespondingSourceObject: {fileID: 0}
  m_PrefabInternal: {fileID: 0}
  serializedVersion: 6
  m_Component:
  - component: {fileID: 1924914329}
  - component: {fileID: 1924914328}
  - component: {fileID: 1924914327}
  - component: {fileID: 1924914326}
  m_Layer: 0
  m_Name: Wall (1)
  m_TagString: Untagged
  m_Icon: {fileID: 0}
  m_NavMeshLayer: 0
  m_StaticEditorFlags: 0
  m_IsActive: 1
--- !u!65 &1924914326
BoxCollider:
  m_ObjectHideFlags: 0
  m_CorrespondingSourceObject: {fileID: 0}
  m_PrefabInternal: {fileID: 0}
  m_GameObject: {fileID: 1924914325}
  m_Material: {fileID: 0}
  m_IsTrigger: 0
  m_Enabled: 1
  serializedVersion: 2
  m_Size: {x: 1, y: 1, z: 1}
  m_Center: {x: 0, y: 0, z: 0}
--- !u!23 &1924914327
MeshRenderer:
  m_ObjectHideFlags: 0
  m_CorrespondingSourceObject: {fileID: 0}
  m_PrefabInternal: {fileID: 0}
  m_GameObject: {fileID: 1924914325}
  m_Enabled: 1
  m_CastShadows: 1
  m_ReceiveShadows: 1
  m_DynamicOccludee: 1
  m_MotionVectors: 1
  m_LightProbeUsage: 1
  m_ReflectionProbeUsage: 1
  m_RenderingLayerMask: 4294967295
  m_Materials:
  - {fileID: 2100000, guid: a380e73600e295649bfa99f3a4e63dfb, type: 2}
  m_StaticBatchInfo:
    firstSubMesh: 0
    subMeshCount: 0
  m_StaticBatchRoot: {fileID: 0}
  m_ProbeAnchor: {fileID: 0}
  m_LightProbeVolumeOverride: {fileID: 0}
  m_ScaleInLightmap: 1
  m_PreserveUVs: 0
  m_IgnoreNormalsForChartDetection: 0
  m_ImportantGI: 0
  m_StitchLightmapSeams: 0
  m_SelectedEditorRenderState: 3
  m_MinimumChartSize: 4
  m_AutoUVMaxDistance: 0.5
  m_AutoUVMaxAngle: 89
  m_LightmapParameters: {fileID: 0}
  m_SortingLayerID: 0
  m_SortingLayer: 0
  m_SortingOrder: 0
--- !u!33 &1924914328
MeshFilter:
  m_ObjectHideFlags: 0
  m_CorrespondingSourceObject: {fileID: 0}
  m_PrefabInternal: {fileID: 0}
  m_GameObject: {fileID: 1924914325}
  m_Mesh: {fileID: 10202, guid: 0000000000000000e000000000000000, type: 0}
--- !u!4 &1924914329
Transform:
  m_ObjectHideFlags: 0
  m_CorrespondingSourceObject: {fileID: 0}
  m_PrefabInternal: {fileID: 0}
  m_GameObject: {fileID: 1924914325}
  m_LocalRotation: {x: -0, y: -0, z: -0, w: 1}
  m_LocalPosition: {x: 0, y: 2, z: -18}
  m_LocalScale: {x: 36, y: 4, z: 0.2}
  m_Children: []
  m_Father: {fileID: 80426172}
  m_RootOrder: 2
  m_LocalEulerAnglesHint: {x: 0, y: 0, z: 0}
--- !u!1 &1970987409
GameObject:
  m_ObjectHideFlags: 0
  m_CorrespondingSourceObject: {fileID: 0}
  m_PrefabInternal: {fileID: 0}
  serializedVersion: 6
  m_Component:
  - component: {fileID: 1970987413}
  - component: {fileID: 1970987412}
  - component: {fileID: 1970987411}
  - component: {fileID: 1970987410}
  m_Layer: 0
  m_Name: floor
  m_TagString: Untagged
  m_Icon: {fileID: 0}
  m_NavMeshLayer: 0
  m_StaticEditorFlags: 0
  m_IsActive: 1
--- !u!65 &1970987410
BoxCollider:
  m_ObjectHideFlags: 0
  m_CorrespondingSourceObject: {fileID: 0}
  m_PrefabInternal: {fileID: 0}
  m_GameObject: {fileID: 1970987409}
  m_Material: {fileID: 0}
  m_IsTrigger: 0
  m_Enabled: 1
  serializedVersion: 2
  m_Size: {x: 1, y: 1, z: 1}
  m_Center: {x: 0, y: 0, z: 0}
--- !u!23 &1970987411
MeshRenderer:
  m_ObjectHideFlags: 0
  m_CorrespondingSourceObject: {fileID: 0}
  m_PrefabInternal: {fileID: 0}
  m_GameObject: {fileID: 1970987409}
  m_Enabled: 1
  m_CastShadows: 1
  m_ReceiveShadows: 1
  m_DynamicOccludee: 1
  m_MotionVectors: 1
  m_LightProbeUsage: 1
  m_ReflectionProbeUsage: 1
  m_RenderingLayerMask: 4294967295
  m_Materials:
  - {fileID: 2100000, guid: a380e73600e295649bfa99f3a4e63dfb, type: 2}
  m_StaticBatchInfo:
    firstSubMesh: 0
    subMeshCount: 0
  m_StaticBatchRoot: {fileID: 0}
  m_ProbeAnchor: {fileID: 0}
  m_LightProbeVolumeOverride: {fileID: 0}
  m_ScaleInLightmap: 1
  m_PreserveUVs: 0
  m_IgnoreNormalsForChartDetection: 0
  m_ImportantGI: 0
  m_StitchLightmapSeams: 0
  m_SelectedEditorRenderState: 3
  m_MinimumChartSize: 4
  m_AutoUVMaxDistance: 0.5
  m_AutoUVMaxAngle: 89
  m_LightmapParameters: {fileID: 0}
  m_SortingLayerID: 0
  m_SortingLayer: 0
  m_SortingOrder: 0
--- !u!33 &1970987412
MeshFilter:
  m_ObjectHideFlags: 0
  m_CorrespondingSourceObject: {fileID: 0}
  m_PrefabInternal: {fileID: 0}
  m_GameObject: {fileID: 1970987409}
  m_Mesh: {fileID: 10202, guid: 0000000000000000e000000000000000, type: 0}
--- !u!4 &1970987413
Transform:
  m_ObjectHideFlags: 0
  m_CorrespondingSourceObject: {fileID: 0}
  m_PrefabInternal: {fileID: 0}
  m_GameObject: {fileID: 1970987409}
  m_LocalRotation: {x: -0, y: -0, z: -0, w: 1}
  m_LocalPosition: {x: 0, y: 0, z: 0}
  m_LocalScale: {x: 36, y: 0.2, z: 36}
  m_Children: []
  m_Father: {fileID: 80426172}
  m_RootOrder: 0
  m_LocalEulerAnglesHint: {x: 0, y: 0, z: 0}
--- !u!1001 &1971963427
Prefab:
  m_ObjectHideFlags: 0
  serializedVersion: 2
  m_Modification:
    m_TransformParent: {fileID: 80426172}
    m_Modifications:
    - target: {fileID: 4468863301041898, guid: ca5957217c5ab7c47a6a0352cfab2314, type: 2}
      propertyPath: m_LocalPosition.x
      value: 2.8654494
      objectReference: {fileID: 0}
    - target: {fileID: 4468863301041898, guid: ca5957217c5ab7c47a6a0352cfab2314, type: 2}
      propertyPath: m_LocalPosition.y
      value: 2.4912503
      objectReference: {fileID: 0}
    - target: {fileID: 4468863301041898, guid: ca5957217c5ab7c47a6a0352cfab2314, type: 2}
      propertyPath: m_LocalPosition.z
      value: -7.5689807
      objectReference: {fileID: 0}
    - target: {fileID: 4468863301041898, guid: ca5957217c5ab7c47a6a0352cfab2314, type: 2}
      propertyPath: m_LocalRotation.x
      value: -0
      objectReference: {fileID: 0}
    - target: {fileID: 4468863301041898, guid: ca5957217c5ab7c47a6a0352cfab2314, type: 2}
      propertyPath: m_LocalRotation.y
      value: -0
      objectReference: {fileID: 0}
    - target: {fileID: 4468863301041898, guid: ca5957217c5ab7c47a6a0352cfab2314, type: 2}
      propertyPath: m_LocalRotation.z
      value: -0
      objectReference: {fileID: 0}
    - target: {fileID: 4468863301041898, guid: ca5957217c5ab7c47a6a0352cfab2314, type: 2}
      propertyPath: m_LocalRotation.w
      value: 1
      objectReference: {fileID: 0}
    - target: {fileID: 4468863301041898, guid: ca5957217c5ab7c47a6a0352cfab2314, type: 2}
      propertyPath: m_RootOrder
      value: 18
      objectReference: {fileID: 0}
    - target: {fileID: 1292996631364820, guid: ca5957217c5ab7c47a6a0352cfab2314, type: 2}
      propertyPath: m_Name
      value: Prop (5)
      objectReference: {fileID: 0}
    m_RemovedComponents: []
  m_SourcePrefab: {fileID: 100100000, guid: ca5957217c5ab7c47a6a0352cfab2314, type: 2}
  m_IsPrefabAsset: 0
--- !u!4 &1971963428 stripped
Transform:
  m_CorrespondingSourceObject: {fileID: 4468863301041898, guid: ca5957217c5ab7c47a6a0352cfab2314,
    type: 2}
  m_PrefabInternal: {fileID: 1971963427}
--- !u!1 &2017440970
GameObject:
  m_ObjectHideFlags: 0
  m_CorrespondingSourceObject: {fileID: 0}
  m_PrefabInternal: {fileID: 0}
  serializedVersion: 6
  m_Component:
  - component: {fileID: 2017440971}
  - component: {fileID: 2017440974}
  - component: {fileID: 2017440973}
  - component: {fileID: 2017440972}
  m_Layer: 0
  m_Name: Cube (3)
  m_TagString: Untagged
  m_Icon: {fileID: 0}
  m_NavMeshLayer: 0
  m_StaticEditorFlags: 0
  m_IsActive: 1
--- !u!4 &2017440971
Transform:
  m_ObjectHideFlags: 0
  m_CorrespondingSourceObject: {fileID: 0}
  m_PrefabInternal: {fileID: 0}
  m_GameObject: {fileID: 2017440970}
  m_LocalRotation: {x: -0, y: -0, z: -0, w: 1}
  m_LocalPosition: {x: 4.0999994, y: 1.1800003, z: -8.28}
  m_LocalScale: {x: 3.81548, y: 2.1225, z: 2.55329}
  m_Children: []
  m_Father: {fileID: 80426172}
  m_RootOrder: 8
  m_LocalEulerAnglesHint: {x: 0, y: 0, z: 0}
--- !u!65 &2017440972
BoxCollider:
  m_ObjectHideFlags: 0
  m_CorrespondingSourceObject: {fileID: 0}
  m_PrefabInternal: {fileID: 0}
  m_GameObject: {fileID: 2017440970}
  m_Material: {fileID: 0}
  m_IsTrigger: 0
  m_Enabled: 1
  serializedVersion: 2
  m_Size: {x: 1, y: 1, z: 1}
  m_Center: {x: 0, y: 0, z: 0}
--- !u!23 &2017440973
MeshRenderer:
  m_ObjectHideFlags: 0
  m_CorrespondingSourceObject: {fileID: 0}
  m_PrefabInternal: {fileID: 0}
  m_GameObject: {fileID: 2017440970}
  m_Enabled: 1
  m_CastShadows: 1
  m_ReceiveShadows: 1
  m_DynamicOccludee: 1
  m_MotionVectors: 1
  m_LightProbeUsage: 1
  m_ReflectionProbeUsage: 1
  m_RenderingLayerMask: 4294967295
  m_Materials:
  - {fileID: 10303, guid: 0000000000000000f000000000000000, type: 0}
  m_StaticBatchInfo:
    firstSubMesh: 0
    subMeshCount: 0
  m_StaticBatchRoot: {fileID: 0}
  m_ProbeAnchor: {fileID: 0}
  m_LightProbeVolumeOverride: {fileID: 0}
  m_ScaleInLightmap: 1
  m_PreserveUVs: 0
  m_IgnoreNormalsForChartDetection: 0
  m_ImportantGI: 0
  m_StitchLightmapSeams: 0
  m_SelectedEditorRenderState: 3
  m_MinimumChartSize: 4
  m_AutoUVMaxDistance: 0.5
  m_AutoUVMaxAngle: 89
  m_LightmapParameters: {fileID: 0}
  m_SortingLayerID: 0
  m_SortingLayer: 0
  m_SortingOrder: 0
--- !u!33 &2017440974
MeshFilter:
  m_ObjectHideFlags: 0
  m_CorrespondingSourceObject: {fileID: 0}
  m_PrefabInternal: {fileID: 0}
  m_GameObject: {fileID: 2017440970}
  m_Mesh: {fileID: 10202, guid: 0000000000000000e000000000000000, type: 0}
--- !u!1001 &2142767317
Prefab:
  m_ObjectHideFlags: 0
  serializedVersion: 2
  m_Modification:
    m_TransformParent: {fileID: 133132856}
    m_Modifications:
    - target: {fileID: 224289388042229226, guid: f748b3995bf6db442830cbaaf166d4ae,
        type: 2}
      propertyPath: m_LocalPosition.x
      value: 0
      objectReference: {fileID: 0}
    - target: {fileID: 224289388042229226, guid: f748b3995bf6db442830cbaaf166d4ae,
        type: 2}
      propertyPath: m_LocalPosition.y
      value: 0
      objectReference: {fileID: 0}
    - target: {fileID: 224289388042229226, guid: f748b3995bf6db442830cbaaf166d4ae,
        type: 2}
      propertyPath: m_LocalPosition.z
      value: 0
      objectReference: {fileID: 0}
    - target: {fileID: 224289388042229226, guid: f748b3995bf6db442830cbaaf166d4ae,
        type: 2}
      propertyPath: m_LocalRotation.x
      value: 0
      objectReference: {fileID: 0}
    - target: {fileID: 224289388042229226, guid: f748b3995bf6db442830cbaaf166d4ae,
        type: 2}
      propertyPath: m_LocalRotation.y
      value: 0
      objectReference: {fileID: 0}
    - target: {fileID: 224289388042229226, guid: f748b3995bf6db442830cbaaf166d4ae,
        type: 2}
      propertyPath: m_LocalRotation.z
      value: 0
      objectReference: {fileID: 0}
    - target: {fileID: 224289388042229226, guid: f748b3995bf6db442830cbaaf166d4ae,
        type: 2}
      propertyPath: m_LocalRotation.w
      value: 1
      objectReference: {fileID: 0}
    - target: {fileID: 224289388042229226, guid: f748b3995bf6db442830cbaaf166d4ae,
        type: 2}
      propertyPath: m_RootOrder
      value: 0
      objectReference: {fileID: 0}
    - target: {fileID: 224289388042229226, guid: f748b3995bf6db442830cbaaf166d4ae,
        type: 2}
      propertyPath: m_AnchoredPosition.x
      value: 0
      objectReference: {fileID: 0}
    - target: {fileID: 224289388042229226, guid: f748b3995bf6db442830cbaaf166d4ae,
        type: 2}
      propertyPath: m_AnchoredPosition.y
      value: 0
      objectReference: {fileID: 0}
    - target: {fileID: 224289388042229226, guid: f748b3995bf6db442830cbaaf166d4ae,
        type: 2}
      propertyPath: m_SizeDelta.x
      value: 160
      objectReference: {fileID: 0}
    - target: {fileID: 224289388042229226, guid: f748b3995bf6db442830cbaaf166d4ae,
        type: 2}
      propertyPath: m_SizeDelta.y
      value: 30
      objectReference: {fileID: 0}
    - target: {fileID: 224289388042229226, guid: f748b3995bf6db442830cbaaf166d4ae,
        type: 2}
      propertyPath: m_AnchorMin.x
      value: 0.5
      objectReference: {fileID: 0}
    - target: {fileID: 224289388042229226, guid: f748b3995bf6db442830cbaaf166d4ae,
        type: 2}
      propertyPath: m_AnchorMin.y
      value: 0.5
      objectReference: {fileID: 0}
    - target: {fileID: 224289388042229226, guid: f748b3995bf6db442830cbaaf166d4ae,
        type: 2}
      propertyPath: m_AnchorMax.x
      value: 0.5
      objectReference: {fileID: 0}
    - target: {fileID: 224289388042229226, guid: f748b3995bf6db442830cbaaf166d4ae,
        type: 2}
      propertyPath: m_AnchorMax.y
      value: 0.5
      objectReference: {fileID: 0}
    - target: {fileID: 224289388042229226, guid: f748b3995bf6db442830cbaaf166d4ae,
        type: 2}
      propertyPath: m_Pivot.x
      value: 0.5
      objectReference: {fileID: 0}
    - target: {fileID: 224289388042229226, guid: f748b3995bf6db442830cbaaf166d4ae,
        type: 2}
      propertyPath: m_Pivot.y
      value: 0.5
      objectReference: {fileID: 0}
    - target: {fileID: 114995622506096148, guid: f748b3995bf6db442830cbaaf166d4ae,
        type: 2}
      propertyPath: m_OnClick.m_PersistentCalls.m_Calls.Array.data[0].m_Target
      value: 
      objectReference: {fileID: 1907299874}
    m_RemovedComponents: []
  m_SourcePrefab: {fileID: 100100000, guid: f748b3995bf6db442830cbaaf166d4ae, type: 2}
  m_IsPrefabAsset: 0
